@ARTICLE{test,
	author={C\"aldognetto, Tommaso and Tenti, Paolo},
	journal={IEEE Journal of Emerging and Selected Topics in Power Electronics},
	title={Microgrids Operation Based on Masterâ€“Slave Cooperative Control},
	year={2014},
	volume={2},
	number={4},
	pages={1081-1088},
	doi={10.1109/JESTPE.2014.2345052}}